%YAML 1.1
%TAG !u! tag:unity3d.com,2011:
--- !u!1 &4903399449282978143
GameObject:
  m_ObjectHideFlags: 0
  m_CorrespondingSourceObject: {fileID: 0}
  m_PrefabInstance: {fileID: 0}
  m_PrefabAsset: {fileID: 0}
  serializedVersion: 6
  m_Component:
  - component: {fileID: 1002188590102024301}
  m_Layer: 0
  m_Name: DoorAndNoOpen
  m_TagString: Untagged
  m_Icon: {fileID: 0}
  m_NavMeshLayer: 0
  m_StaticEditorFlags: 0
  m_IsActive: 1
--- !u!4 &1002188590102024301
Transform:
  m_ObjectHideFlags: 0
  m_CorrespondingSourceObject: {fileID: 0}
  m_PrefabInstance: {fileID: 0}
  m_PrefabAsset: {fileID: 0}
  m_GameObject: {fileID: 4903399449282978143}
  m_LocalRotation: {x: 0, y: 0, z: 0, w: 1}
  m_LocalPosition: {x: 1.0464325, y: 6.25, z: 21.46}
  m_LocalScale: {x: 1.3318207, y: 1.166337, z: 1.365984}
  m_Children:
  - {fileID: 6348398750659831165}
  m_Father: {fileID: 0}
  m_RootOrder: 0
  m_LocalEulerAnglesHint: {x: 0, y: 0, z: 0}
--- !u!1 &5330651843642782661
GameObject:
  m_ObjectHideFlags: 0
  m_CorrespondingSourceObject: {fileID: 0}
  m_PrefabInstance: {fileID: 0}
  m_PrefabAsset: {fileID: 0}
  serializedVersion: 6
  m_Component:
  - component: {fileID: 6348398750659831165}
  - component: {fileID: 295222866}
  - component: {fileID: 1926714187}
  - component: {fileID: 1926714188}
  m_Layer: 0
  m_Name: DoorOpen
  m_TagString: Untagged
  m_Icon: {fileID: 0}
  m_NavMeshLayer: 0
  m_StaticEditorFlags: 0
  m_IsActive: 1
--- !u!4 &6348398750659831165
Transform:
  m_ObjectHideFlags: 0
  m_CorrespondingSourceObject: {fileID: 0}
  m_PrefabInstance: {fileID: 0}
  m_PrefabAsset: {fileID: 0}
  m_GameObject: {fileID: 5330651843642782661}
  m_LocalRotation: {x: 0, y: 0, z: 0, w: 1}
  m_LocalPosition: {x: 0.269, y: 2.317999, z: 0}
  m_LocalScale: {x: 1, y: 1, z: 1}
  m_Children:
  - {fileID: 8839174674639360588}
  m_Father: {fileID: 1002188590102024301}
  m_RootOrder: 0
  m_LocalEulerAnglesHint: {x: 0, y: 0, z: 0}
--- !u!114 &295222866
MonoBehaviour:
  m_ObjectHideFlags: 0
  m_CorrespondingSourceObject: {fileID: 0}
  m_PrefabInstance: {fileID: 0}
  m_PrefabAsset: {fileID: 0}
  m_GameObject: {fileID: 5330651843642782661}
  m_Enabled: 1
  m_EditorHideFlags: 0
  m_Script: {fileID: 11500000, guid: 1b725c822293f7a49ac99841b07aed27, type: 3}
  m_Name: 
  m_EditorClassIdentifier: 
  _doors: {fileID: 5330651843642782661}
  _openingAmount: -90
  _closingDoorSound: {fileID: 1926714187}
  _openingDoorSound: {fileID: 1926714188}
--- !u!82 &1926714187
AudioSource:
  m_ObjectHideFlags: 0
  m_CorrespondingSourceObject: {fileID: 0}
  m_PrefabInstance: {fileID: 0}
  m_PrefabAsset: {fileID: 0}
  m_GameObject: {fileID: 5330651843642782661}
  m_Enabled: 1
  serializedVersion: 4
  OutputAudioMixerGroup: {fileID: 0}
  m_audioClip: {fileID: 8300000, guid: e3f486458558fe743ba3ab4600e2f5b1, type: 3}
  m_PlayOnAwake: 0
  m_Volume: 0.454
  m_Pitch: 1
  Loop: 0
  Mute: 0
  Spatialize: 0
  SpatializePostEffects: 0
  Priority: 128
  DopplerLevel: 1
  MinDistance: 1
  MaxDistance: 500
  Pan2D: 0
  rolloffMode: 0
  BypassEffects: 0
  BypassListenerEffects: 0
  BypassReverbZones: 0
  rolloffCustomCurve:
    serializedVersion: 2
    m_Curve:
    - serializedVersion: 3
      time: 0
      value: 1
      inSlope: 0
      outSlope: 0
      tangentMode: 0
      weightedMode: 0
      inWeight: 0.33333334
      outWeight: 0.33333334
    - serializedVersion: 3
      time: 1
      value: 0
      inSlope: 0
      outSlope: 0
      tangentMode: 0
      weightedMode: 0
      inWeight: 0.33333334
      outWeight: 0.33333334
    m_PreInfinity: 2
    m_PostInfinity: 2
    m_RotationOrder: 4
  panLevelCustomCurve:
    serializedVersion: 2
    m_Curve:
    - serializedVersion: 3
      time: 0
      value: 0
      inSlope: 0
      outSlope: 0
      tangentMode: 0
      weightedMode: 0
      inWeight: 0.33333334
      outWeight: 0.33333334
    m_PreInfinity: 2
    m_PostInfinity: 2
    m_RotationOrder: 4
  spreadCustomCurve:
    serializedVersion: 2
    m_Curve:
    - serializedVersion: 3
      time: 0
      value: 0
      inSlope: 0
      outSlope: 0
      tangentMode: 0
      weightedMode: 0
      inWeight: 0.33333334
      outWeight: 0.33333334
    m_PreInfinity: 2
    m_PostInfinity: 2
    m_RotationOrder: 4
  reverbZoneMixCustomCurve:
    serializedVersion: 2
    m_Curve:
    - serializedVersion: 3
      time: 0
      value: 1
      inSlope: 0
      outSlope: 0
      tangentMode: 0
      weightedMode: 0
      inWeight: 0.33333334
      outWeight: 0.33333334
    m_PreInfinity: 2
    m_PostInfinity: 2
    m_RotationOrder: 4
--- !u!82 &1926714188
AudioSource:
  m_ObjectHideFlags: 0
  m_CorrespondingSourceObject: {fileID: 0}
  m_PrefabInstance: {fileID: 0}
  m_PrefabAsset: {fileID: 0}
  m_GameObject: {fileID: 5330651843642782661}
  m_Enabled: 1
  serializedVersion: 4
  OutputAudioMixerGroup: {fileID: 0}
  m_audioClip: {fileID: 8300000, guid: 7cefa8fe5e89a684f8077c3a040c205b, type: 3}
  m_PlayOnAwake: 0
  m_Volume: 0.454
  m_Pitch: 1
  Loop: 0
  Mute: 0
  Spatialize: 0
  SpatializePostEffects: 0
  Priority: 128
  DopplerLevel: 1
  MinDistance: 1
  MaxDistance: 500
  Pan2D: 0
  rolloffMode: 0
  BypassEffects: 0
  BypassListenerEffects: 0
  BypassReverbZones: 0
  rolloffCustomCurve:
    serializedVersion: 2
    m_Curve:
    - serializedVersion: 3
      time: 0
      value: 1
      inSlope: 0
      outSlope: 0
      tangentMode: 0
      weightedMode: 0
      inWeight: 0.33333334
      outWeight: 0.33333334
    - serializedVersion: 3
      time: 1
      value: 0
      inSlope: 0
      outSlope: 0
      tangentMode: 0
      weightedMode: 0
      inWeight: 0.33333334
      outWeight: 0.33333334
    m_PreInfinity: 2
    m_PostInfinity: 2
    m_RotationOrder: 4
  panLevelCustomCurve:
    serializedVersion: 2
    m_Curve:
    - serializedVersion: 3
      time: 0
      value: 0
      inSlope: 0
      outSlope: 0
      tangentMode: 0
      weightedMode: 0
      inWeight: 0.33333334
      outWeight: 0.33333334
    m_PreInfinity: 2
    m_PostInfinity: 2
    m_RotationOrder: 4
  spreadCustomCurve:
    serializedVersion: 2
    m_Curve:
    - serializedVersion: 3
      time: 0
      value: 0
      inSlope: 0
      outSlope: 0
      tangentMode: 0
      weightedMode: 0
      inWeight: 0.33333334
      outWeight: 0.33333334
    m_PreInfinity: 2
    m_PostInfinity: 2
    m_RotationOrder: 4
  reverbZoneMixCustomCurve:
    serializedVersion: 2
    m_Curve:
    - serializedVersion: 3
      time: 0
      value: 1
      inSlope: 0
      outSlope: 0
      tangentMode: 0
      weightedMode: 0
      inWeight: 0.33333334
      outWeight: 0.33333334
    m_PreInfinity: 2
    m_PostInfinity: 2
    m_RotationOrder: 4
--- !u!65 &1935477133
BoxCollider:
  m_ObjectHideFlags: 0
  m_CorrespondingSourceObject: {fileID: 0}
  m_PrefabInstance: {fileID: 0}
  m_PrefabAsset: {fileID: 0}
  m_GameObject: {fileID: 8205802768463710454}
  m_Material: {fileID: 0}
  m_IsTrigger: 0
  m_Enabled: 1
  serializedVersion: 2
  m_Size: {x: 1.5481834, y: 3.4517298, z: 0.13319969}
  m_Center: {x: -0.018686334, y: 0.5512797, z: -0.00463581}
--- !u!82 &1051911533
AudioSource:
  m_ObjectHideFlags: 0
  m_CorrespondingSourceObject: {fileID: 0}
  m_PrefabInstance: {fileID: 0}
  m_PrefabAsset: {fileID: 0}
  m_GameObject: {fileID: 8205802768463710454}
  m_Enabled: 1
  serializedVersion: 4
  OutputAudioMixerGroup: {fileID: 0}
  m_audioClip: {fileID: 8300000, guid: 5e3ffca8c7528e7408ca05d70f8bfaad, type: 3}
  m_PlayOnAwake: 0
  m_Volume: 0.309
  m_Pitch: 1
  Loop: 0
  Mute: 0
  Spatialize: 0
  SpatializePostEffects: 0
  Priority: 128
  DopplerLevel: 1
  MinDistance: 1
  MaxDistance: 500
  Pan2D: 0
  rolloffMode: 0
  BypassEffects: 0
  BypassListenerEffects: 0
  BypassReverbZones: 0
  rolloffCustomCurve:
    serializedVersion: 2
    m_Curve:
    - serializedVersion: 3
      time: 0
      value: 1
      inSlope: 0
      outSlope: 0
      tangentMode: 0
      weightedMode: 0
      inWeight: 0.33333334
      outWeight: 0.33333334
    - serializedVersion: 3
      time: 1
      value: 0
      inSlope: 0
      outSlope: 0
      tangentMode: 0
      weightedMode: 0
      inWeight: 0.33333334
      outWeight: 0.33333334
    m_PreInfinity: 2
    m_PostInfinity: 2
    m_RotationOrder: 4
  panLevelCustomCurve:
    serializedVersion: 2
    m_Curve:
    - serializedVersion: 3
      time: 0
      value: 0
      inSlope: 0
      outSlope: 0
      tangentMode: 0
      weightedMode: 0
      inWeight: 0.33333334
      outWeight: 0.33333334
    m_PreInfinity: 2
    m_PostInfinity: 2
    m_RotationOrder: 4
  spreadCustomCurve:
    serializedVersion: 2
    m_Curve:
    - serializedVersion: 3
      time: 0
      value: 0
      inSlope: 0
      outSlope: 0
      tangentMode: 0
      weightedMode: 0
      inWeight: 0.33333334
      outWeight: 0.33333334
    m_PreInfinity: 2
    m_PostInfinity: 2
    m_RotationOrder: 4
  reverbZoneMixCustomCurve:
    serializedVersion: 2
    m_Curve:
    - serializedVersion: 3
      time: 0
      value: 1
      inSlope: 0
      outSlope: 0
      tangentMode: 0
      weightedMode: 0
      inWeight: 0.33333334
      outWeight: 0.33333334
    m_PreInfinity: 2
    m_PostInfinity: 2
    m_RotationOrder: 4
--- !u!82 &1051911534
AudioSource:
  m_ObjectHideFlags: 0
  m_CorrespondingSourceObject: {fileID: 0}
  m_PrefabInstance: {fileID: 0}
  m_PrefabAsset: {fileID: 0}
  m_GameObject: {fileID: 8205802768463710454}
  m_Enabled: 1
  serializedVersion: 4
  OutputAudioMixerGroup: {fileID: 0}
  m_audioClip: {fileID: 8300000, guid: e3f486458558fe743ba3ab4600e2f5b1, type: 3}
  m_PlayOnAwake: 0
  m_Volume: 0.375
  m_Pitch: 1
  Loop: 0
  Mute: 0
  Spatialize: 0
  SpatializePostEffects: 0
  Priority: 128
  DopplerLevel: 1
  MinDistance: 1
  MaxDistance: 500
  Pan2D: 0
  rolloffMode: 0
  BypassEffects: 0
  BypassListenerEffects: 0
  BypassReverbZones: 0
  rolloffCustomCurve:
    serializedVersion: 2
    m_Curve:
    - serializedVersion: 3
      time: 0
      value: 1
      inSlope: 0
      outSlope: 0
      tangentMode: 0
      weightedMode: 0
      inWeight: 0.33333334
      outWeight: 0.33333334
    - serializedVersion: 3
      time: 1
      value: 0
      inSlope: 0
      outSlope: 0
      tangentMode: 0
      weightedMode: 0
      inWeight: 0.33333334
      outWeight: 0.33333334
    m_PreInfinity: 2
    m_PostInfinity: 2
    m_RotationOrder: 4
  panLevelCustomCurve:
    serializedVersion: 2
    m_Curve:
    - serializedVersion: 3
      time: 0
      value: 0
      inSlope: 0
      outSlope: 0
      tangentMode: 0
      weightedMode: 0
      inWeight: 0.33333334
      outWeight: 0.33333334
    m_PreInfinity: 2
    m_PostInfinity: 2
    m_RotationOrder: 4
  spreadCustomCurve:
    serializedVersion: 2
    m_Curve:
    - serializedVersion: 3
      time: 0
      value: 0
      inSlope: 0
      outSlope: 0
      tangentMode: 0
      weightedMode: 0
      inWeight: 0.33333334
      outWeight: 0.33333334
    m_PreInfinity: 2
    m_PostInfinity: 2
    m_RotationOrder: 4
  reverbZoneMixCustomCurve:
    serializedVersion: 2
    m_Curve:
    - serializedVersion: 3
      time: 0
      value: 1
      inSlope: 0
      outSlope: 0
      tangentMode: 0
      weightedMode: 0
      inWeight: 0.33333334
      outWeight: 0.33333334
    m_PreInfinity: 2
    m_PostInfinity: 2
    m_RotationOrder: 4
--- !u!114 &7149325610048259205
MonoBehaviour:
  m_ObjectHideFlags: 0
  m_CorrespondingSourceObject: {fileID: 0}
  m_PrefabInstance: {fileID: 0}
  m_PrefabAsset: {fileID: 0}
  m_GameObject: {fileID: 8205802768463710454}
  m_Enabled: 1
  m_EditorHideFlags: 0
  m_Script: {fileID: 11500000, guid: 11763ec51ca9b1f4a891528e0cc26c38, type: 3}
  m_Name: 
  m_EditorClassIdentifier: 
  Rotate: {fileID: 295222866}
  keyOwning: 0
  _closedDorrSoudn: {fileID: 1051911533}
--- !u!1001 &1723646940750857682
PrefabInstance:
  m_ObjectHideFlags: 0
  serializedVersion: 2
  m_Modification:
    m_TransformParent: {fileID: 5981271775274969716}
    m_Modifications:
    - target: {fileID: 100000, guid: 7f64fa277f063764fa867c869ab08563, type: 3}
      propertyPath: m_Name
      value: intDoor_knob01
      objectReference: {fileID: 0}
    - target: {fileID: 400000, guid: 7f64fa277f063764fa867c869ab08563, type: 3}
      propertyPath: m_LocalPosition.x
      value: -0.7942505
      objectReference: {fileID: 0}
    - target: {fileID: 400000, guid: 7f64fa277f063764fa867c869ab08563, type: 3}
      propertyPath: m_LocalPosition.y
      value: 0.98700047
      objectReference: {fileID: 0}
    - target: {fileID: 400000, guid: 7f64fa277f063764fa867c869ab08563, type: 3}
      propertyPath: m_LocalPosition.z
      value: -0.014635086
      objectReference: {fileID: 0}
    - target: {fileID: 400000, guid: 7f64fa277f063764fa867c869ab08563, type: 3}
      propertyPath: m_LocalRotation.x
      value: -0
      objectReference: {fileID: 0}
    - target: {fileID: 400000, guid: 7f64fa277f063764fa867c869ab08563, type: 3}
      propertyPath: m_LocalRotation.y
      value: -0
      objectReference: {fileID: 0}
    - target: {fileID: 400000, guid: 7f64fa277f063764fa867c869ab08563, type: 3}
      propertyPath: m_LocalRotation.z
      value: -0
      objectReference: {fileID: 0}
    - target: {fileID: 400000, guid: 7f64fa277f063764fa867c869ab08563, type: 3}
      propertyPath: m_LocalRotation.w
      value: 1
      objectReference: {fileID: 0}
    - target: {fileID: 400000, guid: 7f64fa277f063764fa867c869ab08563, type: 3}
      propertyPath: m_RootOrder
      value: 0
      objectReference: {fileID: 0}
    - target: {fileID: 400000, guid: 7f64fa277f063764fa867c869ab08563, type: 3}
      propertyPath: m_LocalEulerAnglesHint.x
      value: 0
      objectReference: {fileID: 0}
    - target: {fileID: 400000, guid: 7f64fa277f063764fa867c869ab08563, type: 3}
      propertyPath: m_LocalEulerAnglesHint.y
      value: 0
      objectReference: {fileID: 0}
    - target: {fileID: 400000, guid: 7f64fa277f063764fa867c869ab08563, type: 3}
      propertyPath: m_LocalEulerAnglesHint.z
      value: 0
      objectReference: {fileID: 0}
    - target: {fileID: 400000, guid: 7f64fa277f063764fa867c869ab08563, type: 3}
      propertyPath: m_LocalScale.z
      value: 1.2025
      objectReference: {fileID: 0}
    - target: {fileID: 2300000, guid: 7f64fa277f063764fa867c869ab08563, type: 3}
      propertyPath: m_Materials.Array.data[0]
      value: 
      objectReference: {fileID: 2100000, guid: e7320beb22aa3ba47add37bc1a795b26, type: 2}
    m_RemovedComponents: []
  m_SourcePrefab: {fileID: 100100000, guid: 7f64fa277f063764fa867c869ab08563, type: 3}
--- !u!1001 &5981271775274840308
PrefabInstance:
  m_ObjectHideFlags: 0
  serializedVersion: 2
  m_Modification:
    m_TransformParent: {fileID: 8839174674639360588}
    m_Modifications:
    - target: {fileID: 100000, guid: f0d4298dcac2ffd499747abaa06977ee, type: 3}
      propertyPath: m_Name
      value: intDoor
      objectReference: {fileID: 0}
    - target: {fileID: 400000, guid: f0d4298dcac2ffd499747abaa06977ee, type: 3}
      propertyPath: m_LocalPosition.x
      value: 0.7269
      objectReference: {fileID: 0}
    - target: {fileID: 400000, guid: f0d4298dcac2ffd499747abaa06977ee, type: 3}
      propertyPath: m_LocalPosition.y
      value: -1.1683
      objectReference: {fileID: 0}
    - target: {fileID: 400000, guid: f0d4298dcac2ffd499747abaa06977ee, type: 3}
      propertyPath: m_LocalPosition.z
      value: -0.046
      objectReference: {fileID: 0}
    - target: {fileID: 400000, guid: f0d4298dcac2ffd499747abaa06977ee, type: 3}
      propertyPath: m_LocalRotation.x
      value: 0
      objectReference: {fileID: 0}
    - target: {fileID: 400000, guid: f0d4298dcac2ffd499747abaa06977ee, type: 3}
      propertyPath: m_LocalRotation.y
      value: 0
      objectReference: {fileID: 0}
    - target: {fileID: 400000, guid: f0d4298dcac2ffd499747abaa06977ee, type: 3}
      propertyPath: m_LocalRotation.z
      value: 0
      objectReference: {fileID: 0}
    - target: {fileID: 400000, guid: f0d4298dcac2ffd499747abaa06977ee, type: 3}
      propertyPath: m_LocalRotation.w
      value: 1
      objectReference: {fileID: 0}
    - target: {fileID: 400000, guid: f0d4298dcac2ffd499747abaa06977ee, type: 3}
      propertyPath: m_RootOrder
      value: 3
      objectReference: {fileID: 0}
    - target: {fileID: 400000, guid: f0d4298dcac2ffd499747abaa06977ee, type: 3}
      propertyPath: m_LocalEulerAnglesHint.x
      value: 0
      objectReference: {fileID: 0}
    - target: {fileID: 400000, guid: f0d4298dcac2ffd499747abaa06977ee, type: 3}
      propertyPath: m_LocalEulerAnglesHint.y
      value: 0
      objectReference: {fileID: 0}
    - target: {fileID: 400000, guid: f0d4298dcac2ffd499747abaa06977ee, type: 3}
      propertyPath: m_LocalEulerAnglesHint.z
      value: 0
      objectReference: {fileID: 0}
    - target: {fileID: 400000, guid: f0d4298dcac2ffd499747abaa06977ee, type: 3}
      propertyPath: m_LocalScale.x
      value: 1.5817386
      objectReference: {fileID: 0}
    - target: {fileID: 400000, guid: f0d4298dcac2ffd499747abaa06977ee, type: 3}
      propertyPath: m_LocalScale.y
      value: 1.7451329
      objectReference: {fileID: 0}
    - target: {fileID: 400000, guid: f0d4298dcac2ffd499747abaa06977ee, type: 3}
      propertyPath: m_LocalScale.z
      value: 2.0653303
      objectReference: {fileID: 0}
    - target: {fileID: 2300000, guid: f0d4298dcac2ffd499747abaa06977ee, type: 3}
      propertyPath: m_Materials.Array.data[0]
      value: 
      objectReference: {fileID: 2100000, guid: e4744254c1d130e4985fe1248928471e, type: 2}
    m_RemovedComponents: []
  m_SourcePrefab: {fileID: 100100000, guid: f0d4298dcac2ffd499747abaa06977ee, type: 3}
--- !u!4 &5981271775274969716 stripped
Transform:
  m_CorrespondingSourceObject: {fileID: 400000, guid: f0d4298dcac2ffd499747abaa06977ee, type: 3}
  m_PrefabInstance: {fileID: 5981271775274840308}
  m_PrefabAsset: {fileID: 0}
--- !u!1001 &9016690194606159271
PrefabInstance:
  m_ObjectHideFlags: 0
  serializedVersion: 2
  m_Modification:
    m_TransformParent: {fileID: 6348398750659831165}
    m_Modifications:
    - target: {fileID: -8679921383154817045, guid: 7ef42d3e3e159324c8300951c2a61f5d, type: 3}
      propertyPath: m_LocalPosition.x
      value: -0.751
      objectReference: {fileID: 0}
    - target: {fileID: -8679921383154817045, guid: 7ef42d3e3e159324c8300951c2a61f5d, type: 3}
      propertyPath: m_LocalPosition.y
      value: -0.8189988
      objectReference: {fileID: 0}
    - target: {fileID: -8679921383154817045, guid: 7ef42d3e3e159324c8300951c2a61f5d, type: 3}
      propertyPath: m_LocalPosition.z
      value: -0
      objectReference: {fileID: 0}
    - target: {fileID: -8679921383154817045, guid: 7ef42d3e3e159324c8300951c2a61f5d, type: 3}
      propertyPath: m_LocalRotation.x
      value: -0
      objectReference: {fileID: 0}
    - target: {fileID: -8679921383154817045, guid: 7ef42d3e3e159324c8300951c2a61f5d, type: 3}
      propertyPath: m_LocalRotation.y
      value: -0
      objectReference: {fileID: 0}
    - target: {fileID: -8679921383154817045, guid: 7ef42d3e3e159324c8300951c2a61f5d, type: 3}
      propertyPath: m_LocalRotation.z
      value: -0
      objectReference: {fileID: 0}
    - target: {fileID: -8679921383154817045, guid: 7ef42d3e3e159324c8300951c2a61f5d, type: 3}
      propertyPath: m_LocalRotation.w
      value: 1
      objectReference: {fileID: 0}
    - target: {fileID: -8679921383154817045, guid: 7ef42d3e3e159324c8300951c2a61f5d, type: 3}
      propertyPath: m_RootOrder
      value: 0
      objectReference: {fileID: 0}
    - target: {fileID: -8679921383154817045, guid: 7ef42d3e3e159324c8300951c2a61f5d, type: 3}
      propertyPath: m_LocalEulerAnglesHint.x
      value: 0
      objectReference: {fileID: 0}
    - target: {fileID: -8679921383154817045, guid: 7ef42d3e3e159324c8300951c2a61f5d, type: 3}
      propertyPath: m_LocalEulerAnglesHint.y
      value: 0
      objectReference: {fileID: 0}
    - target: {fileID: -8679921383154817045, guid: 7ef42d3e3e159324c8300951c2a61f5d, type: 3}
      propertyPath: m_LocalEulerAnglesHint.z
      value: 0
      objectReference: {fileID: 0}
    - target: {fileID: -8391222552659086748, guid: 7ef42d3e3e159324c8300951c2a61f5d, type: 3}
      propertyPath: m_IsActive
      value: 0
      objectReference: {fileID: 0}
    - target: {fileID: -5477749408508380018, guid: 7ef42d3e3e159324c8300951c2a61f5d, type: 3}
      propertyPath: m_LocalRotation.w
      value: 0.70710677
      objectReference: {fileID: 0}
    - target: {fileID: -5477749408508380018, guid: 7ef42d3e3e159324c8300951c2a61f5d, type: 3}
      propertyPath: m_LocalPosition.y
      value: 0.59
      objectReference: {fileID: 0}
    - target: {fileID: -4683669308469848369, guid: 7ef42d3e3e159324c8300951c2a61f5d, type: 3}
      propertyPath: m_Materials.Array.data[0]
      value: 
      objectReference: {fileID: 2100000, guid: d7ffed787bbe5164c9fe2e2ab11cafff, type: 2}
    - target: {fileID: -4096120871940991593, guid: 7ef42d3e3e159324c8300951c2a61f5d, type: 3}
      propertyPath: m_LocalPosition.y
      value: 0.44733438
      objectReference: {fileID: 0}
    - target: {fileID: -1018664272722485354, guid: 7ef42d3e3e159324c8300951c2a61f5d, type: 3}
      propertyPath: m_IsActive
      value: 0
      objectReference: {fileID: 0}
    - target: {fileID: 919132149155446097, guid: 7ef42d3e3e159324c8300951c2a61f5d, type: 3}
      propertyPath: m_Name
      value: drzwi
      objectReference: {fileID: 0}
    - target: {fileID: 4424396828587804706, guid: 7ef42d3e3e159324c8300951c2a61f5d, type: 3}
      propertyPath: m_IsActive
      value: 0
      objectReference: {fileID: 0}
    - target: {fileID: 6317578925029434746, guid: 7ef42d3e3e159324c8300951c2a61f5d, type: 3}
      propertyPath: m_Materials.Array.data[0]
      value: 
      objectReference: {fileID: 2100000, guid: 23cf5d0a46129854c9b14268da744a0c, type: 2}
    - target: {fileID: 8100320773420232829, guid: 7ef42d3e3e159324c8300951c2a61f5d, type: 3}
      propertyPath: m_Materials.Array.data[0]
      value: 
      objectReference: {fileID: 2100000, guid: 23cf5d0a46129854c9b14268da744a0c, type: 2}
    - target: {fileID: 8632055958874330854, guid: 7ef42d3e3e159324c8300951c2a61f5d, type: 3}
      propertyPath: m_LocalPosition.y
      value: 0.461
      objectReference: {fileID: 0}
    m_RemovedComponents: []
  m_SourcePrefab: {fileID: 100100000, guid: 7ef42d3e3e159324c8300951c2a61f5d, type: 3}
--- !u!1 &8205802768463710454 stripped
GameObject:
  m_CorrespondingSourceObject: {fileID: 919132149155446097, guid: 7ef42d3e3e159324c8300951c2a61f5d, type: 3}
  m_PrefabInstance: {fileID: 9016690194606159271}
  m_PrefabAsset: {fileID: 0}
--- !u!4 &8839174674639360588 stripped
Transform:
  m_CorrespondingSourceObject: {fileID: -8679921383154817045, guid: 7ef42d3e3e159324c8300951c2a61f5d, type: 3}
  m_PrefabInstance: {fileID: 9016690194606159271}
  m_PrefabAsset: {fileID: 0}
